<?xml version="1.0" encoding="UTF-8"?><record xmlns="http://www.loc.gov/MARC21/slim" xmlns:cinclude="http://apache.org/cocoon/include/1.0" xmlns:zs="http://www.loc.gov/zing/srw/">
  <leader>00478cz  a2200133n  4500</leader>
  <controlfield tag="001">n  88165679 </controlfield>
  <controlfield tag="003">DLC</controlfield>
  <controlfield tag="005">19890616055552.8</controlfield>
  <controlfield tag="008">890505n| acannaab|          |a aaa |||  </controlfield>
  <datafield tag="010" ind1=" " ind2=" ">
    <subfield code="a">n  88165679 </subfield>
  </datafield>
  <datafield tag="040" ind1=" " ind2=" ">
    <subfield code="a">DLC</subfield>
    <subfield code="c">DLC</subfield>
  </datafield>
  <datafield tag="100" ind1="1" ind2="0">
    <subfield code="a">T︠S︡upak, E. B.</subfield>
    <subfield code="q">(Evgeniĭ Borisovich)</subfield>
  </datafield>
  <datafield tag="400" ind1="1" ind2="0">
    <subfield code="a">T︠S︡upak, Evgeniĭ Borisovich</subfield>
  </datafield>
  <datafield tag="670" ind1=" " ind2=" ">
    <subfield code="a">Pozharskiĭ, A.F. Prakticheskie raboty po khimii geterot︠s︡iklov, 1988:</subfield>
    <subfield code="b">t.p. (E.B. T︠S︡upak) colophon (Evgeniĭ Borisovich T︠S︡upak)</subfield>
  </datafield>
</record>